<record><leader>00000cas a22000001a 4500</leader><controlfield tag="001">32380820</controlfield><controlfield tag="007">hd afa015baca</controlfield><controlfield tag="007">hd bfa015baaa</controlfield><controlfield tag="008">950428d18421845nyudn nea     0    0eng c</controlfield><datafield ind1=" " ind2=" " tag="010"><subfield code="a">sn 94088934 </subfield></datafield><datafield ind1=" " ind2=" " tag="040"><subfield code="a">NN</subfield><subfield code="b">eng</subfield><subfield code="c">RQM</subfield><subfield code="d">OCL</subfield><subfield code="d">OCLCQ</subfield><subfield code="d">OCLCF</subfield><subfield code="d">OCLCO</subfield><subfield code="d">OCLCQ</subfield></datafield><datafield ind1=" " ind2=" " tag="012"><subfield code="i">9504</subfield></datafield><datafield ind1=" " ind2=" " tag="042"><subfield code="a">pcc</subfield></datafield><datafield ind1=" " ind2=" " tag="043"><subfield code="a">n-us-ny</subfield></datafield><datafield ind1="0" ind2="4" tag="245"><subfield code="a">The Daily plebeian.</subfield></datafield><datafield ind1="1" ind2="3" tag="246"><subfield code="a">Plebeian and Democrat</subfield></datafield><datafield ind1=" " ind2=" " tag="260"><subfield code="a">New York [N.Y.] :</subfield><subfield code="b">Slamm &amp; Guion,</subfield><subfield code="c">1842-1845.</subfield></datafield><datafield ind1=" " ind2=" " tag="300"><subfield code="a">3 volumes :</subfield><subfield code="b">illustrations ;</subfield><subfield code="c">55 cm</subfield></datafield><datafield ind1=" " ind2=" " tag="310"><subfield code="a">Daily (except Sun.)</subfield></datafield><datafield ind1=" " ind2=" " tag="336"><subfield code="a">text</subfield><subfield code="b">txt</subfield><subfield code="2">rdacontent</subfield></datafield><datafield ind1=" " ind2=" " tag="337"><subfield code="a">microform</subfield><subfield code="b">h</subfield><subfield code="2">rdamedia</subfield></datafield><datafield ind1=" " ind2=" " tag="338"><subfield code="a">microfilm reel</subfield><subfield code="b">hd</subfield><subfield code="2">rdacarrier</subfield></datafield><datafield ind1="0" ind2=" " tag="362"><subfield code="a">Vol. 1, no. 1 (June 27, 1842)-v. 3, no. 278 (May 12, 1845).</subfield></datafield><datafield ind1=" " ind2=" " tag="500"><subfield code="a">Published as: Plebeian and Democrat, Nov. 4-5, 1844.</subfield></datafield><datafield ind1=" " ind2=" " tag="500"><subfield code="a">Editor: Levi D. Slamm.</subfield></datafield><datafield ind1=" " ind2=" " tag="500"><subfield code="a">Publishers: Levi D. Slamm, 1843-1844; Casper C. Childs, 1844-1845.</subfield></datafield><datafield ind1=" " ind2=" " tag="500"><subfield code="a">Democratic. Cf. Fox, L.H. New York City newspapers.</subfield></datafield><datafield ind1=" " ind2=" " tag="525"><subfield code="a">Has occasional supplements.</subfield></datafield><datafield ind1=" " ind2=" " tag="580"><subfield code="a">Weekly ed.: New York weekly plebeian.</subfield></datafield><datafield ind1=" " ind2=" " tag="580"><subfield code="a">Absorbed: Democrat (New York, N.Y. : 1844) (non-extant?). Cf. Fox, L.H. New York City newspapers.</subfield></datafield><datafield ind1=" " ind2=" " tag="533"><subfield code="a">Microfilm.</subfield><subfield code="m">v.1-3 (1842-1845)</subfield><subfield code="b">New York :</subfield><subfield code="c">New York Public Library,</subfield><subfield code="d">[19--].</subfield><subfield code="e">5 microfilm reels ; 35 mm.</subfield></datafield><datafield ind1=" " ind2="0" tag="651"><subfield code="a">New York (N.Y.)</subfield><subfield code="v">Newspapers.</subfield></datafield><datafield ind1=" " ind2="7" tag="651"><subfield code="a">New York (State)</subfield><subfield code="z">New York.</subfield><subfield code="2">fast</subfield><subfield code="0">(OCoLC)fst01204333</subfield></datafield><datafield ind1=" " ind2="7" tag="655"><subfield code="a">Newspapers.</subfield><subfield code="2">fast</subfield><subfield code="0">(OCoLC)fst01423814</subfield></datafield><datafield ind1=" " ind2=" " tag="752"><subfield code="a">United States</subfield><subfield code="b">New York</subfield><subfield code="c">New York</subfield><subfield code="d">New York.</subfield></datafield><datafield ind1="1" ind2=" " tag="775"><subfield code="t">New York weekly plebeian</subfield></datafield><datafield ind1="1" ind2=" " tag="776"><subfield code="c">Original</subfield><subfield code="w">(DLC)sn 83030167</subfield></datafield><datafield ind1="0" ind2="5" tag="780"><subfield code="t">New York arena</subfield><subfield code="g">1843</subfield></datafield><datafield ind1="0" ind2="5" tag="780"><subfield code="t">New York Aurora</subfield><subfield code="g">1844</subfield></datafield><datafield ind1="1" ind2="5" tag="780"><subfield code="t">Democrat (New York, N.Y. : 1844)</subfield><subfield code="g">1844</subfield></datafield><datafield ind1="0" ind2="5" tag="780"><subfield code="t">American advocate: for equal rights to man</subfield><subfield code="g">1845</subfield></datafield><datafield ind1="0" ind2="5" tag="785"><subfield code="t">New York morning news</subfield></datafield><datafield ind1=" " ind2=" " tag="850"><subfield code="a">NN</subfield><subfield code="a">NN (master)</subfield></datafield><datafield ind1="1" ind2=" " tag="029"><subfield code="a">AU@</subfield><subfield code="b">000025899696</subfield></datafield></record>